<record><leader>00000cas a22000007a 4500</leader><controlfield tag="001">34736072</controlfield><controlfield tag="008">960515d18561868tnudn ne      0    0eng d</controlfield><controlfield tag="009">21523</controlfield><datafield ind1=" " ind2=" " tag="010"><subfield code="a">sn 96091004 </subfield></datafield><datafield ind1=" " ind2=" " tag="040"><subfield code="a">TGN</subfield><subfield code="b">eng</subfield><subfield code="c">TGN</subfield><subfield code="d">OCL</subfield><subfield code="d">TGN</subfield><subfield code="d">DLC</subfield><subfield code="d">OCLCA</subfield><subfield code="d">OCLCF</subfield></datafield><datafield ind1=" " ind2=" " tag="042"><subfield code="a">msc</subfield></datafield><datafield ind1=" " ind2=" " tag="043"><subfield code="a">n-us-tn</subfield></datafield><datafield ind1="0" ind2="0" tag="050"><subfield code="a">Newspaper</subfield></datafield><datafield ind1="0" ind2=" " tag="130"><subfield code="a">Nashville daily gazette (Nashville, Tenn. : 1856)</subfield></datafield><datafield ind1="1" ind2="0" tag="245"><subfield code="a">Nashville daily gazette.</subfield></datafield><datafield ind1=" " ind2=" " tag="260"><subfield code="a">Nashville, Tenn. :</subfield><subfield code="b">James A. Laird &amp; Co.,</subfield><subfield code="c">1856-</subfield></datafield><datafield ind1=" " ind2=" " tag="300"><subfield code="a">v.</subfield></datafield><datafield ind1=" " ind2=" " tag="310"><subfield code="a">Daily (except Mon.)</subfield></datafield><datafield ind1="0" ind2=" " tag="362"><subfield code="a">Vol. 12, no. 3838 (Mar. 22, 1856)-</subfield></datafield><datafield ind1="1" ind2=" " tag="362"><subfield code="a">Ceased with Aug. 26, 1868 issue.</subfield></datafield><datafield ind1=" " ind2=" " tag="500"><subfield code="a">Publishers: James A. Laird, 1856; Wm. N. Bilbo, 1856; Smith, Bell &amp; Co., 1856-1857; Jas. T. Bell, 1857-1865; Bell, Jones &amp; Co., 1865-1868.</subfield></datafield><datafield ind1=" " ind2=" " tag="500"><subfield code="a">Editors: Wm. N. Bilbo &amp; Henry Maney, 1856; Jas. R. Bruce, 1857-1865.</subfield></datafield><datafield ind1=" " ind2=" " tag="515"><subfield code="a">Suspended Apr. 1862-Mar 1864.</subfield></datafield><datafield ind1=" " ind2=" " tag="580"><subfield code="a">Merged with: Nashville union and dispatch, to form: Nashville union and American (Nashville, Tenn. : 1868 : Daily).</subfield></datafield><datafield ind1=" " ind2="0" tag="651"><subfield code="a">Davidson County (Tenn.)</subfield><subfield code="v">Newspapers.</subfield></datafield><datafield ind1=" " ind2="0" tag="651"><subfield code="a">Nashville (Tenn.)</subfield><subfield code="v">Newspapers.</subfield></datafield><datafield ind1=" " ind2="7" tag="655"><subfield code="a">Newspapers.</subfield><subfield code="2">fast</subfield><subfield code="0">(OCoLC)fst01423814</subfield></datafield><datafield ind1=" " ind2="7" tag="651"><subfield code="a">Tennessee</subfield><subfield code="z">Davidson County.</subfield><subfield code="2">fast</subfield><subfield code="0">(OCoLC)fst01205346</subfield></datafield><datafield ind1=" " ind2="7" tag="651"><subfield code="a">Tennessee</subfield><subfield code="z">Nashville.</subfield><subfield code="2">fast</subfield><subfield code="0">(OCoLC)fst01204195</subfield></datafield><datafield ind1=" " ind2=" " tag="752"><subfield code="a">United States</subfield><subfield code="b">Tennessee</subfield><subfield code="c">Davidson</subfield><subfield code="d">Nashville.</subfield></datafield><datafield ind1="0" ind2=" " tag="775"><subfield code="t">Nashville weekly gazette</subfield><subfield code="w">(DLC)sn 96009105</subfield><subfield code="w">(OCoLC)34736126</subfield></datafield><datafield ind1="0" ind2=" " tag="775"><subfield code="t">Daily gazette (Nashville, Tenn. : 1856 : Triweekly)</subfield><subfield code="w">(DLC)sn 86053519</subfield><subfield code="w">(OCoLC)13777635</subfield></datafield><datafield ind1="0" ind2="0" tag="780"><subfield code="t">Daily gazette (Nashville, Tenn. : 1855 : Daily)</subfield><subfield code="w">(DLC)sn 96009103</subfield><subfield code="w">(OCoLC)34735977</subfield></datafield><datafield ind1="1" ind2="7" tag="785"><subfield code="t">Nashville union and dispatch</subfield><subfield code="w">(DLC)sn 85038521</subfield><subfield code="w">(OCoLC)12696884</subfield></datafield><datafield ind1="1" ind2="7" tag="785"><subfield code="t">Nashville union and American (Nashville, Tenn. : 1868 : Daily)</subfield><subfield code="w">(DLC)sn 85033699</subfield><subfield code="w">(OCoLC)12190398</subfield></datafield></record>